
@article{bakker_ensuring_2020,
	title = {Ensuring the quality and specificity of preregistrations},
	volume = {18},
	number = {12},
	journal = {PLoS biology},
	author = {Bakker, Marjan and Veldkamp, Coosje LS and van Assen, Marcel ALM and Crompvoets, Elise AV and Ong, How Hwee and Nosek, Brian A. and Soderberg, Courtney K. and Mellor, David and Wicherts, Jelte M.},
	year = {2020},
	note = {Publisher: Public Library of Science},
	pages = {e3000937},
	file = {Full Text:/home/marton/Zotero/storage/8T2SAQW8/article.html:text/html},
}

@article{boyd_cohort_2013,
	title = {Cohort profile: the ‘children of the 90s’—the index offspring of the {Avon} {Longitudinal} {Study} of {Parents} and {Children}},
	volume = {42},
	shorttitle = {Cohort profile},
	number = {1},
	journal = {International journal of epidemiology},
	author = {Boyd, Andy and Golding, Jean and Macleod, John and Lawlor, Debbie A. and Fraser, Abigail and Henderson, John and Molloy, Lynn and Ness, Andy and Ring, Susan and Davey Smith, George},
	year = {2013},
	note = {Publisher: Oxford University Press},
	pages = {111--127},
	file = {Full Text:/home/marton/Zotero/storage/EWY8VMQH/694290.html:text/html;Snapshot:/home/marton/Zotero/storage/JJWT6WC8/694290.html:text/html},
}

@article{camerer_evaluating_2016,
	title = {Evaluating replicability of laboratory experiments in economics},
	volume = {351},
	number = {6280},
	journal = {Science},
	author = {Camerer, Colin F. and Dreber, Anna and Forsell, Eskil and Ho, Teck-Hua and Huber, Jürgen and Johannesson, Magnus and Kirchler, Michael and Almenberg, Johan and Altmejd, Adam and Chan, Taizan},
	year = {2016},
	note = {Publisher: American Association for the Advancement of Science},
	pages = {1433--1436},
	file = {Full Text:/home/marton/Zotero/storage/6Q8ZRCCC/science.html:text/html;Snapshot:/home/marton/Zotero/storage/NKXEQSD7/science.html:text/html},
}

@article{errington_investigating_2021,
	title = {Investigating the replicability of preclinical cancer biology},
	volume = {10},
	journal = {Elife},
	author = {Errington, Timothy M. and Mathur, Maya and Soderberg, Courtney K. and Denis, Alexandria and Perfito, Nicole and Iorns, Elizabeth and Nosek, Brian A.},
	year = {2021},
	note = {Publisher: eLife Sciences Publications, Ltd},
	pages = {e71601},
	file = {Full Text:/home/marton/Zotero/storage/2UISQGC5/Errington et al. - 2021 - Investigating the replicability of preclinical can.pdf:application/pdf;Snapshot:/home/marton/Zotero/storage/RV5XM8AS/71601.html:text/html},
}

@article{fraser_cohort_2013,
	title = {Cohort profile: the {Avon} {Longitudinal} {Study} of {Parents} and {Children}: {ALSPAC} mothers cohort},
	volume = {42},
	shorttitle = {Cohort profile},
	number = {1},
	journal = {International journal of epidemiology},
	author = {Fraser, Abigail and Macdonald-Wallis, Corrie and Tilling, Kate and Boyd, Andy and Golding, Jean and Davey Smith, George and Henderson, John and Macleod, John and Molloy, Lynn and Ness, Andy},
	year = {2013},
	note = {Publisher: Oxford University Press},
	pages = {97--110},
	file = {Full Text:/home/marton/Zotero/storage/BFZTE7K2/694445.html:text/html;Snapshot:/home/marton/Zotero/storage/TZ2YPVJD/694445.html:text/html},
}

@article{colquhoun_investigation_2014,
	title = {An investigation of the false discovery rate and the misinterpretation of p-values},
	volume = {1},
	number = {3},
	journal = {Royal Society open science},
	author = {Colquhoun, David},
	year = {2014},
	note = {Publisher: The Royal Society Publishing},
	pages = {140216},
}

@article{ioannidis_why_2008,
	title = {Why most discovered true associations are inflated},
	journal = {Epidemiology},
	author = {Ioannidis, John PA},
	year = {2008},
	note = {Publisher: JSTOR},
	pages = {640--648},
	file = {Full Text:/home/marton/Zotero/storage/NCEDNPEE/Ioannidis - 2008 - Why most discovered true associations are inflated.pdf:application/pdf;Snapshot:/home/marton/Zotero/storage/WNY72DBN/25662607.html:text/html},
}

@article{bricman_review_1978,
	title = {Review of particle properties: {Particle} data group},
	volume = {75},
	shorttitle = {Review of particle properties},
	number = {1},
	journal = {Physics Letters B},
	author = {Bricman, C. and Dionisi, C. and Hemingway, R. J. and Mazzucato, M. and Montanet, L. and Barash-Schmidt, N. and Crawford, R. C. and Roos, M. and Barbaro-Galtieri, A. and Horne, C. P.},
	year = {1978},
	note = {Publisher: Elsevier},
	pages = {i--xxi},
	file = {Snapshot:/home/marton/Zotero/storage/TIP8NHPP/037026937890922X.html:text/html},
}

@article{klein_blind_2005,
	title = {Blind analysis in nuclear and particle physics},
	volume = {55},
	journal = {Annu. Rev. Nucl. Part. Sci.},
	author = {Klein, Joshua R. and Roodman, Aaron},
	year = {2005},
	note = {Publisher: Annual Reviews},
	pages = {141--163},
	file = {Full Text:/home/marton/Zotero/storage/C93F9WK3/annurev.nucl.55.090704.html:text/html;Snapshot:/home/marton/Zotero/storage/4C9A7ZD2/annurev.nucl.55.090704.html:text/html},
}

@article{maccoun_blind_2015,
	title = {Blind analysis: {Hide} results to seek the truth},
	volume = {526},
	shorttitle = {Blind analysis},
	number = {7572},
	journal = {Nature},
	author = {MacCoun, Robert and Perlmutter, Saul},
	year = {2015},
	note = {Publisher: Nature Publishing Group UK London},
	pages = {187--189},
	file = {Full Text:/home/marton/Zotero/storage/PUZEWI8W/526187a.html:text/html},
}

@article{collaboration_estimating_2015,
	title = {Estimating the reproducibility of psychological science},
	volume = {349},
	number = {6251},
	journal = {Science},
	author = {Collaboration, Open Science},
	year = {2015},
	note = {Publisher: American Association for the Advancement of Science},
	pages = {aac4716},
}

@book{prasad_ending_2019,
	title = {Ending medical reversal: improving outcomes, saving lives},
	shorttitle = {Ending medical reversal},
	publisher = {Johns Hopkins University Press},
	author = {Prasad, Vinayak K. and Cifu, Adam S.},
	year = {2019},
	file = {Snapshot:/home/marton/Zotero/storage/K2ZNLNG2/books.html:text/html},
}

@article{sarafoglou_comparing_2023,
	title = {Comparing analysis blinding with preregistration in the many-analysts religion project},
	volume = {6},
	number = {1},
	journal = {Advances in Methods and Practices in Psychological Science},
	author = {Sarafoglou, Alexandra and Hoogeveen, Suzanne and Wagenmakers, Eric-Jan},
	year = {2023},
	note = {Publisher: SAGE Publications Sage CA: Los Angeles, CA},
	pages = {25152459221128319},
	file = {Full Text:/home/marton/Zotero/storage/V32537EQ/Sarafoglou et al. - 2023 - Comparing analysis blinding with preregistration i.pdf:application/pdf;Snapshot:/home/marton/Zotero/storage/UEXXYYTH/25152459221128319.html:text/html},
}

@article{sarafoglou_survey_2022,
	title = {A survey on how preregistration affects the research workflow: {Better} science but more work},
	volume = {9},
	shorttitle = {A survey on how preregistration affects the research workflow},
	number = {7},
	journal = {Royal Society Open Science},
	author = {Sarafoglou, Alexandra and Kovacs, Marton and Bakos, Bence and Wagenmakers, Eric-Jan and Aczel, Balazs},
	year = {2022},
	note = {Publisher: The Royal Society},
	pages = {211997},
	file = {Full Text:/home/marton/Zotero/storage/RSKZVNBI/Sarafoglou et al. - 2022 - A survey on how preregistration affects the resear.pdf:application/pdf;Snapshot:/home/marton/Zotero/storage/44KJPVF5/rsos.html:text/html},
}

@article{ioannidis_why_2005,
	title = {Why most published research findings are false},
	volume = {2},
	number = {8},
	journal = {PLoS medicine},
	author = {Ioannidis, John PA},
	year = {2005},
	note = {Publisher: Public Library of Science},
	pages = {e124},
	file = {Full Text:/home/marton/Zotero/storage/9TNCVJNY/article.html:text/html},
}
@Manual{R-base,
  title = {R: A Language and Environment for Statistical Computing},
  author = {{R Core Team}},
  organization = {R Foundation for Statistical Computing},
  address = {Vienna, Austria},
  year = {2023},
  url = {https://www.R-project.org/},
}
@Manual{R-dplyr,
  title = {dplyr: A Grammar of Data Manipulation},
  author = {Hadley Wickham and Romain François and Lionel Henry and Kirill Müller and Davis Vaughan},
  year = {2023},
  note = {R package version 1.1.0},
  url = {https://CRAN.R-project.org/package=dplyr},
}
@Manual{R-forcats,
  title = {forcats: Tools for Working with Categorical Variables (Factors)},
  author = {Hadley Wickham},
  year = {2023},
  note = {R package version 1.0.0},
  url = {https://CRAN.R-project.org/package=forcats},
}
@Book{R-ggplot2,
  author = {Hadley Wickham},
  title = {ggplot2: Elegant Graphics for Data Analysis},
  publisher = {Springer-Verlag New York},
  year = {2016},
  isbn = {978-3-319-24277-4},
  url = {https://ggplot2.tidyverse.org},
}
@Manual{R-gt,
  title = {gt: Easily Create Presentation-Ready Display Tables},
  author = {Richard Iannone and Joe Cheng and Barret Schloerke and Ellis Hughes and Alexandra Lauer and JooYoung Seo},
  year = {2023},
  note = {R package version 0.9.0},
  url = {https://CRAN.R-project.org/package=gt},
}
@Manual{R-here,
  title = {here: A Simpler Way to Find Your Files},
  author = {Kirill Müller},
  year = {2020},
  note = {R package version 1.0.1},
  url = {https://CRAN.R-project.org/package=here},
}
@Manual{R-kableExtra,
  title = {kableExtra: Construct Complex Table with 'kable' and Pipe Syntax},
  author = {Hao Zhu},
  year = {2021},
  note = {R package version 1.3.4},
  url = {https://CRAN.R-project.org/package=kableExtra},
}
@Book{R-knitr,
  title = {Dynamic Documents with {R} and knitr},
  author = {Yihui Xie},
  publisher = {Chapman and Hall/CRC},
  address = {Boca Raton, Florida},
  year = {2015},
  edition = {2nd},
  note = {ISBN 978-1498716963},
  url = {https://yihui.org/knitr/},
}
@Manual{R-likert,
  title = {likert: Analysis and Visualization Likert Items},
  author = {Jason Bryer},
  year = {2022},
  note = {http://jason.bryer.org/likert, http://github.com/jbryer/likert},
}
@Manual{R-papaja,
  title = {{papaja}: {Prepare} reproducible {APA} journal articles with {R Markdown}},
  author = {Frederik Aust and Marius Barth},
  year = {2022},
  note = {R package version 0.1.0.9999},
  url = {https://github.com/crsh/papaja},
}
@Manual{R-patchwork,
  title = {patchwork: The Composer of Plots},
  author = {Thomas Lin Pedersen},
  year = {2020},
  note = {R package version 1.1.1},
  url = {https://CRAN.R-project.org/package=patchwork},
}
@Manual{R-purrr,
  title = {purrr: Functional Programming Tools},
  author = {Hadley Wickham and Lionel Henry},
  year = {2023},
  note = {R package version 1.0.1},
  url = {https://CRAN.R-project.org/package=purrr},
}
@Manual{R-readr,
  title = {readr: Read Rectangular Text Data},
  author = {Hadley Wickham and Jim Hester and Jennifer Bryan},
  year = {2022},
  note = {R package version 2.1.2},
  url = {https://CRAN.R-project.org/package=readr},
}
@Manual{R-stringr,
  title = {stringr: Simple, Consistent Wrappers for Common String Operations},
  author = {Hadley Wickham},
  year = {2022},
  note = {R package version 1.5.0},
  url = {https://CRAN.R-project.org/package=stringr},
}
@Manual{R-tibble,
  title = {tibble: Simple Data Frames},
  author = {Kirill Müller and Hadley Wickham},
  year = {2023},
  note = {R package version 3.2.0},
  url = {https://CRAN.R-project.org/package=tibble},
}
@Manual{R-tidyr,
  title = {tidyr: Tidy Messy Data},
  author = {Hadley Wickham and Davis Vaughan and Maximilian Girlich},
  year = {2023},
  note = {R package version 1.3.0},
  url = {https://CRAN.R-project.org/package=tidyr},
}
@Article{R-tidyverse,
  title = {Welcome to the {tidyverse}},
  author = {Hadley Wickham and Mara Averick and Jennifer Bryan and Winston Chang and Lucy D'Agostino McGowan and Romain François and Garrett Grolemund and Alex Hayes and Lionel Henry and Jim Hester and Max Kuhn and Thomas Lin Pedersen and Evan Miller and Stephan Milton Bache and Kirill Müller and Jeroen Ooms and David Robinson and Dana Paige Seidel and Vitalie Spinu and Kohske Takahashi and Davis Vaughan and Claus Wilke and Kara Woo and Hiroaki Yutani},
  year = {2019},
  journal = {Journal of Open Source Software},
  volume = {4},
  number = {43},
  pages = {1686},
  doi = {10.21105/joss.01686},
}
@Manual{R-tinylabels,
  title = {{tinylabels}: Lightweight Variable Labels},
  author = {Marius Barth},
  year = {2022},
  note = {R package version 0.2.3},
  url = {https://cran.r-project.org/package=tinylabels},
}
@Manual{R-viridis,
  title = {{viridis} - Colorblind-Friendly Color Maps for R},
  author = {{Garnier} and {Simon} and {Ross} and {Noam} and {Rudis} and {Robert} and {Camargo} and Antônio Pedro and {Sciaini} and {Marco} and {Scherer} and {Cédric}},
  year = {2021},
  note = {R package version 0.6.2},
  url = {https://sjmgarnier.github.io/viridis/},
  doi = {10.5281/zenodo.4679424},
  doi = {10.5281/zenodo.4679424},
}
@Manual{R-viridisLite,
  title = {{viridis} - Colorblind-Friendly Color Maps for R},
  author = {{Garnier} and {Simon} and {Ross} and {Noam} and {Rudis} and {Robert} and {Camargo} and Antônio Pedro and {Sciaini} and {Marco} and {Scherer} and {Cédric}},
  year = {2022},
  note = {R package version 0.4.1},
  url = {https://sjmgarnier.github.io/viridis/},
  doi = {10.5281/zenodo.4679424},
  doi = {10.5281/zenodo.4679424},
}
@misc{Forscher2020,
  author = {Forscher, Patrick S. and Noyce, Alexander and DeBruine, Lisa M. and Jones, Benedict and Flake, Jessica K. and Coles, Nicholas A. and Chartier, Christopher R.},
  title = {Incentivizing Discovery through the {PSA001} Secondary Analysis Challenge},
  year = {2020},
  month = {May},
  day = {26},
  howpublished = {\url{https://psysciacc.org/2020/09/14/incentivizing-discovery-through-the-psa001-secondary-analysis-challenge/}}
}
@misc{Schmidt2023,
  author = {Schmidt, Kathleen and Jones, Amelia and Szabelska, Agata and Ebersole, Charles R. and Hawkins, C. Benjamin and Graham, Jesse and Nosek, Brian A.},
  title = {The Ideology 2.0 Study and Dataset},
  year = {2023},
  howpublished = {\url{https://osf.io/2483h/wiki/home/}},
  publisher = {OSF}
}
